@misc{ arne,
	title		= "jackson",
	author	= "jackson",
	year		= "2000"
}

